<record><leader>00000cas a2200000 a 4500</leader><controlfield tag="001">5214537</controlfield><controlfield tag="008">790727d19792005iluwn ne      0   a0eng c</controlfield><datafield ind1=" " ind2=" " tag="010"><subfield code="a">sn 79003793 </subfield></datafield><datafield ind1=" " ind2=" " tag="040"><subfield code="a">NSD</subfield><subfield code="b">eng</subfield><subfield code="c">NSD</subfield><subfield code="d">NST</subfield><subfield code="d">EYM</subfield><subfield code="d">MHN</subfield><subfield code="d">CVF</subfield><subfield code="d">EEM</subfield><subfield code="d">CUI</subfield><subfield code="d">OCLCQ</subfield><subfield code="d">NVF</subfield><subfield code="d">OCLCF</subfield><subfield code="d">NVF</subfield><subfield code="d">OCLCO</subfield><subfield code="d">OCL</subfield><subfield code="d">OCLCO</subfield><subfield code="d">NVF</subfield><subfield code="d">OCLCO</subfield></datafield><datafield ind1=" " ind2=" " tag="012"><subfield code="i">9001</subfield><subfield code="k">1</subfield><subfield code="l">1</subfield><subfield code="m">c</subfield></datafield><datafield ind1="0" ind2=" " tag="022"><subfield code="a">0193-3485</subfield><subfield code="l">0193-3485</subfield><subfield code="2">1</subfield></datafield><datafield ind1="1" ind2=" " tag="029"><subfield code="a">AU@</subfield><subfield code="b">000004623017</subfield></datafield><datafield ind1=" " ind2=" " tag="032"><subfield code="a">550410</subfield><subfield code="b">USPS</subfield></datafield><datafield ind1=" " ind2=" " tag="037"><subfield code="b">RCP Publications, P.O. Box 3486, Merchandise Mart, Chicago, IL 60654</subfield><subfield code="c">$12.00</subfield></datafield><datafield ind1=" " ind2=" " tag="042"><subfield code="a">nsdp</subfield><subfield code="a">pcc</subfield></datafield><datafield ind1=" " ind2=" " tag="043"><subfield code="a">n-us---</subfield></datafield><datafield ind1="1" ind2="4" tag="050"><subfield code="a">HX1</subfield><subfield code="b">.R567</subfield></datafield><datafield ind1=" " ind2="0" tag="222"><subfield code="a">Revolutionary worker</subfield></datafield><datafield ind1="0" ind2="0" tag="245"><subfield code="a">Revolutionary worker.</subfield></datafield><datafield ind1=" " ind2=" " tag="260"><subfield code="a">Chicago, Ill. :</subfield><subfield code="b">RCP Publications,</subfield><subfield code="c">1979-2005.</subfield></datafield><datafield ind1=" " ind2=" " tag="300"><subfield code="a">26 v.</subfield><subfield code="b">ill.</subfield><subfield code="c">45 cm.</subfield></datafield><datafield ind1=" " ind2=" " tag="310"><subfield code="a">Fifty issues yearly</subfield></datafield><datafield ind1="0" ind2=" " tag="362"><subfield code="a">Vol. 1, no. 1 (May 1, 1979)-v. 26, no. 38 (Apr. 24, 2005).</subfield></datafield><datafield ind1=" " ind2=" " tag="530"><subfield code="3">1981-2005</subfield><subfield code="a">available on microfilm;</subfield><subfield code="b">State Historical Society of Wisconsin.</subfield></datafield><datafield ind1=" " ind2=" " tag="550"><subfield code="a">"Voice of the Revolutionary Communist Party, U.S.A."</subfield></datafield><datafield ind1=" " ind2=" " tag="580"><subfield code="a">Includes: Obrero revolucionario, 0193-354X; issued later as a separate edition along with separate Chinese and French editions.</subfield></datafield><datafield ind1="2" ind2="0" tag="610"><subfield code="a">Revolutionary Communist Party, USA</subfield><subfield code="v">Newspapers.</subfield></datafield><datafield ind1=" " ind2="0" tag="650"><subfield code="a">Communism</subfield><subfield code="z">United States</subfield><subfield code="v">Newspapers.</subfield></datafield><datafield ind1=" " ind2="0" tag="650"><subfield code="a">Working class</subfield><subfield code="z">United States</subfield><subfield code="v">Newspapers.</subfield></datafield><datafield ind1=" " ind2="0" tag="650"><subfield code="a">Working class writing</subfield><subfield code="z">United States</subfield><subfield code="v">Newspapers.</subfield></datafield><datafield ind1=" " ind2="0" tag="651"><subfield code="a">Chicago (Ill.)</subfield><subfield code="v">Newspapers.</subfield></datafield><datafield ind1=" " ind2="0" tag="651"><subfield code="a">Cook County (Ill.)</subfield><subfield code="v">Newspapers.</subfield></datafield><datafield ind1="2" ind2="7" tag="610"><subfield code="a">Revolutionary Communist Party, USA</subfield><subfield code="2">fast</subfield><subfield code="0">(OCoLC)fst00541047</subfield></datafield><datafield ind1=" " ind2="7" tag="650"><subfield code="a">Communism.</subfield><subfield code="2">fast</subfield><subfield code="0">(OCoLC)fst00870421</subfield></datafield><datafield ind1=" " ind2="7" tag="650"><subfield code="a">Working class.</subfield><subfield code="2">fast</subfield><subfield code="0">(OCoLC)fst01180418</subfield></datafield><datafield ind1=" " ind2="7" tag="651"><subfield code="a">Illinois</subfield><subfield code="z">Chicago.</subfield><subfield code="2">fast</subfield><subfield code="0">(OCoLC)fst01204048</subfield></datafield><datafield ind1=" " ind2="7" tag="651"><subfield code="a">Illinois</subfield><subfield code="z">Cook County.</subfield><subfield code="2">fast</subfield><subfield code="0">(OCoLC)fst01205334</subfield></datafield><datafield ind1=" " ind2="7" tag="651"><subfield code="a">United States.</subfield><subfield code="2">fast</subfield><subfield code="0">(OCoLC)fst01204155</subfield></datafield><datafield ind1=" " ind2="7" tag="655"><subfield code="a">Newspapers.</subfield><subfield code="2">fast</subfield><subfield code="0">(OCoLC)fst01423814</subfield></datafield><datafield ind1=" " ind2=" " tag="752"><subfield code="a">United States</subfield><subfield code="b">Illinois</subfield><subfield code="c">Cook County</subfield><subfield code="d">Chicago.</subfield></datafield><datafield ind1="1" ind2=" " tag="775"><subfield code="t">Obrero revolucionario</subfield><subfield code="x">0193-354X</subfield><subfield code="w">(DLC)sn 79003794</subfield><subfield code="w">(OCoLC)5214637</subfield></datafield><datafield ind1="1" ind2=" " tag="775"><subfield code="t">Revolutionary worker (Chicago, Ill. : Chinese ed.)</subfield><subfield code="w">(OCoLC)17994069</subfield></datafield><datafield ind1="0" ind2="0" tag="780"><subfield code="t">Revolutionary worker (Oakland, Calif.)</subfield><subfield code="w">(OCoLC)6740960</subfield></datafield><datafield ind1="0" ind2="0" tag="785"><subfield code="t">Revolution (Chicago, Ill. : 2005)</subfield><subfield code="w">(DLC)  2005267591</subfield><subfield code="w">(OCoLC)60456048</subfield></datafield><datafield ind1=" " ind2=" " tag="850"><subfield code="a">KU-S</subfield><subfield code="a">MiU</subfield></datafield></record>